@book{goethe1840,
  author       = {Johann Wolfgang von Goethe},
  title        = {Theory of Colours},
  year         = {1840},
  translator   = {Charles Lock Eastlake},
  introduction = {Deane B. Judd},
  note         = {With notes by Charles Lock Eastlake},
  location     = {London},
  publisher    = {John Murray},
  language     = {english}
}

@article{adams2013newton,
  author    = {Adams, C. R.},
  title     = {``in Experiments, where Sense is Judge'' -- Isaac Newton's Tonometer and Colorimeter},
  journal   = {Journal of the Oughtred Society},
  year      = {2013},
  volume    = {22},
  number    = {1},
  pages     = {41--45},
  note      = {Spring issue; JOS Plus Supplement}
}

@online{science-color,
  author       = {Smithsonian Libraries and Archives},
  title        = {The Science of Color},
  year         = {2025},
  url          = {https://library.si.edu/exhibition/color-in-a-new-light/science},
  urldate      = {2025-07-23},
  organization = {Smithsonian Libraries and Archives},
  note         = {Accessed July 23, 2025}
}

@book{gage2023colour,
  title={Colour in Art},
  author={Gage, J. and Grovier, K.},
  isbn={9780500778807},
  series={World of Art},
  url={https://books.google.cz/books?id=mujNEAAAQBAJ},
  year={2023},
  publisher={Thames and Hudson Limited}
}

@thesis{vackova2013teorie,
  author       = {Vacková, Aneta},
  title        = {Teorie barevného vidění},
  type         = {Bakalářská práce},
  institution  = {Masarykova univerzita, Lékařská fakulta},
  location     = {Brno},
  year         = {2013},
  supervisor   = {Petr Veselý, DiS., Ph.D.},
  url          = {https://is.muni.cz/th/u7qow/Teorie_barevneho_videni.pdf},
  urldate      = {2025-07-23},
}

@INPROCEEDINGS{958782,
  author={Sengupta, D.L. and Sarkar, T.K.},
  booktitle={IEEE Antennas and Propagation Society International Symposium. 2001 Digest. Held in conjunction with: USNC/URSI National Radio Science Meeting (Cat. No.01CH37229)}, 
  title={Maxwell, Hertz, the Maxwellians and the early history of electromagnetic waves}, 
  year={2001},
  volume={1},
  number={},
  pages={14-17 vol.1},
  keywords={History;Electromagnetic scattering;Maxwell equations;Electromagnetic fields;Production;Laboratories;Modems;Partial differential equations;Magnetic fields},
  doi={10.1109/APS.2001.958782}
}

@thesis{jelen2023vliv_barev,
  author       = {Jelen, Vojtěch},
  title        = {Otázka vlivu barev na spotřebitelské chování v kontextu jejich percepce a symboliky},
  type         = {Bakalářská práce},
  institution  = {Univerzita Karlova, Fakulta humanitních studií},
  location     = {Praha},
  year         = {2023},
  supervisor   = {PhDr. Václav Hájek, Ph.D.},
  url          = {https://dspace.cuni.cz/bitstream/handle/20.500.11956/188964/130380558.pdf?sequence=1},
  urldate      = {2025-07-23},
}

@online{pantone,
  author       = {Pantone LLC},
  title        = {What Is Color?},
  year         = {n.d.},
  url          = {https://www.pantone.com/articles/color-fundamentals/what-is-color?srsltid=AfmBOopg6UBko2e-BNFPDss2Tu_9yYq8S7QT2e_GIcs_cMv0m_fwgiri},
  urldate      = {2025-07-23},
  organization = {Pantone},
  note         = {Accessed July 23, 2025},
}